<?xml version="1.0" encoding="UTF-8"?><record xmlns="http://www.loc.gov/MARC21/slim" xmlns:cinclude="http://apache.org/cocoon/include/1.0" xmlns:zs="http://www.loc.gov/zing/srw/">
  <leader>00410nz  a2200133n  4500</leader>
  <controlfield tag="001">nr 92041520 </controlfield>
  <controlfield tag="003">DLC</controlfield>
  <controlfield tag="005">19921124060014.8</controlfield>
  <controlfield tag="008">921123n| acannaab|          |n aaa     c</controlfield>
  <datafield tag="010" ind1=" " ind2=" ">
    <subfield code="a">nr 92041520 </subfield>
  </datafield>
  <datafield tag="040" ind1=" " ind2=" ">
    <subfield code="a">PPRF</subfield>
    <subfield code="c">PU-Ar</subfield>
  </datafield>
  <datafield tag="100" ind1="1" ind2="0">
    <subfield code="a">Moffat, Thomas</subfield>
  </datafield>
  <datafield tag="667" ind1=" " ind2=" ">
    <subfield code="a">Data provided by PAFC/PACSCL</subfield>
  </datafield>
  <datafield tag="670" ind1=" " ind2=" ">
    <subfield code="a">Boston Committee of Correspondence. Letter (draft), 1773 July 4, to Erastus Wolcott and others</subfield>
    <subfield code="b">(Thomas Moffat)</subfield>
  </datafield>
</record>